@Manual{R-afex,
  title = {afex: Analysis of Factorial Experiments},
  author = {Henrik Singmann and Ben Bolker and Jake Westfall and Frederik Aust and Mattan S. Ben-Shachar},
  year = {2021},
  note = {R package version 1.0-1},
  url = {https://CRAN.R-project.org/package=afex},
}
@Manual{R-base,
  title = {R: A Language and Environment for Statistical Computing},
  author = {{R Core Team}},
  organization = {R Foundation for Statistical Computing},
  address = {Vienna, Austria},
  year = {2021},
  url = {https://www.R-project.org/},
}
@Book{R-car,
  title = {An {R} Companion to Applied Regression},
  edition = {Third},
  author = {John Fox and Sanford Weisberg},
  year = {2019},
  publisher = {Sage},
  address = {Thousand Oaks {CA}},
  url = {https://socialsciences.mcmaster.ca/jfox/Books/Companion/},
}
@Manual{R-carData,
  title = {carData: Companion to Applied Regression Data Sets},
  author = {John Fox and Sanford Weisberg and Brad Price},
  year = {2020},
  note = {R package version 3.0-4},
  url = {https://CRAN.R-project.org/package=carData},
}
@Manual{R-citr,
  title = {citr: 'RStudio' Add-in to Insert Markdown Citations},
  author = {Frederik Aust},
  year = {2019},
  note = {R package version 0.3.2},
  url = {https://github.com/crsh/citr},
}
@Manual{R-DescTools,
  title = {{DescTools}: Tools for Descriptive Statistics},
  author = {Signorell {Andri et mult. al.}},
  year = {2021},
  note = {R package version 0.99.43},
  url = {https://cran.r-project.org/package=DescTools},
}
@Manual{R-desnum,
  title = {desnum: Creates some useful functions},
  author = {Cillian McHugh},
  year = {2017},
  note = {R package version 0.1.1},
  url = {https://github.com/cillianmiltown/R_desnum},
}
@Manual{R-dfidx,
  title = {dfidx: Indexed Data Frames},
  author = {Yves Croissant},
  year = {2021},
  note = {R package version 0.0-4},
  url = {https://CRAN.R-project.org/package=dfidx},
}
@Manual{R-extrafont,
  title = {extrafont: Tools for using fonts},
  author = {Winston Chang,},
  year = {2014},
  note = {R package version 0.17},
  url = {https://CRAN.R-project.org/package=extrafont},
}
@Manual{R-foreign,
  title = {foreign: Read Data Stored by 'Minitab', 'S', 'SAS', 'SPSS', 'Stata',
'Systat', 'Weka', 'dBase', ...},
  author = {{R Core Team}},
  year = {2020},
  note = {R package version 0.8-81},
  url = {https://CRAN.R-project.org/package=foreign},
}
@Book{R-ggplot2,
  author = {Hadley Wickham},
  title = {ggplot2: Elegant Graphics for Data Analysis},
  publisher = {Springer-Verlag New York},
  year = {2016},
  isbn = {978-3-319-24277-4},
  url = {https://ggplot2.tidyverse.org},
}
@Article{R-lme4,
  title = {Fitting Linear Mixed-Effects Models Using {lme4}},
  author = {Douglas Bates and Martin M{\"a}chler and Ben Bolker and Steve Walker},
  journal = {Journal of Statistical Software},
  year = {2015},
  volume = {67},
  number = {1},
  pages = {1--48},
  doi = {10.18637/jss.v067.i01},
}
@Manual{R-lsr,
  title = {Learning statistics with R: A tutorial for psychology students and other beginners. (Version 0.6)},
  author = {Danielle Navarro},
  organization = {University of New South Wales},
  address = {Sydney, Australia},
  year = {2015},
  note = {R package version 0.5.1},
  url = {https://learningstatisticswithr.com},
}
@Manual{R-Matrix,
  title = {Matrix: Sparse and Dense Matrix Classes and Methods},
  author = {Douglas Bates and Martin Maechler},
  year = {2021},
  note = {R package version 1.3-4},
  url = {https://CRAN.R-project.org/package=Matrix},
}
@Manual{R-metap,
  title = {{metap}: meta-analysis of significance values},
  author = {Michael Dewey},
  year = {2021},
  note = {R package version 1.5},
}
@Article{R-mlogit,
  title = {Estimation of Random Utility  Models in {R}: The {mlogit} Package},
  author = {Yves Croissant},
  journal = {Journal of Statistical Software},
  year = {2020},
  volume = {95},
  number = {11},
  pages = {1--41},
  doi = {10.18637/jss.v095.i11},
}
@Book{R-nnet,
  title = {Modern Applied Statistics with S},
  author = {W. N. Venables and B. D. Ripley},
  publisher = {Springer},
  edition = {Fourth},
  address = {New York},
  year = {2002},
  note = {ISBN 0-387-95457-0},
  url = {https://www.stats.ox.ac.uk/pub/MASS4/},
}
@Manual{R-papaja,
  author = {Frederik Aust and Marius Barth},
  title = {{papaja}: {Create} {APA} manuscripts with {R Markdown}},
  year = {2020},
  note = {R package version 0.1.0.9997},
  url = {https://github.com/crsh/papaja},
}
@Article{R-plyr,
  title = {The Split-Apply-Combine Strategy for Data Analysis},
  author = {Hadley Wickham},
  journal = {Journal of Statistical Software},
  year = {2011},
  volume = {40},
  number = {1},
  pages = {1--29},
  url = {http://www.jstatsoft.org/v40/i01/},
}
@Manual{R-powerMediation,
  title = {powerMediation: Power/Sample Size Calculation for Mediation Analysis},
  author = {Weiliang Qiu},
  year = {2021},
  note = {R package version 0.3.4},
  url = {https://CRAN.R-project.org/package=powerMediation},
}
@Manual{R-pwr,
  title = {pwr: Basic Functions for Power Analysis},
  author = {Stephane Champely},
  year = {2020},
  note = {R package version 1.3-0},
  url = {https://CRAN.R-project.org/package=pwr},
}
@Article{R-reshape2,
  title = {Reshaping Data with the {reshape} Package},
  author = {Hadley Wickham},
  journal = {Journal of Statistical Software},
  year = {2007},
  volume = {21},
  number = {12},
  pages = {1--20},
  url = {http://www.jstatsoft.org/v21/i12/},
}
@Manual{R-scales,
  title = {scales: Scale Functions for Visualization},
  author = {Hadley Wickham and Dana Seidel},
  year = {2020},
  note = {R package version 1.1.1},
  url = {https://CRAN.R-project.org/package=scales},
}
@Manual{R-sjstats,
  title = {sjstats: Statistical Functions for Regression Models (Version 0.18.1)},
  author = {Daniel Lüdecke},
  year = {2021},
  url = {https://CRAN.R-project.org/package=sjstats},
  doi = {10.5281/zenodo.1284472},
}
@Manual{R-tibble,
  title = {tibble: Simple Data Frames},
  author = {Kirill Müller and Hadley Wickham},
  year = {2021},
  note = {R package version 3.1.5},
  url = {https://CRAN.R-project.org/package=tibble},
}
@Article{R-VGAM_a,
  title = {Vector Generalized Additive Models},
  author = {Thomas W. Yee and C. J. Wild},
  journal = {Journal of Royal Statistical Society, Series B},
  year = {1996},
  volume = {58},
  number = {3},
  pages = {481--493},
}
@Article{R-VGAM_b,
  title = {The {VGAM} Package for Categorical Data Analysis},
  author = {Thomas W. Yee},
  journal = {Journal of Statistical Software},
  year = {2010},
  volume = {32},
  number = {10},
  pages = {1--34},
  url = {https://www.jstatsoft.org/v32/i10/},
}
@Article{R-VGAM_c,
  title = {Row-column interaction models, with an {R} implementation},
  author = {Thomas W. Yee and Alfian F. Hadi},
  journal = {Computational Statistics},
  year = {2014},
  volume = {29},
  number = {6},
  pages = {1427--1445},
}
@Article{R-VGAM_d,
  title = {Two-parameter reduced-rank vector generalized linear models},
  author = {Thomas W. Yee},
  journal = {Computational Statistics and Data Analysis},
  year = {2013},
  url = {https://ees.elsevier.com/csda},
}
@Article{R-VGAM_e,
  title = {The {VGAM} Package for Capture-Recapture Data Using the Conditional Likelihood},
  author = {Thomas W. Yee and Jakub Stoklosa and Richard M. Huggins},
  journal = {Journal of Statistical Software},
  year = {2015},
  volume = {65},
  number = {5},
  pages = {1--33},
  url = {https://www.jstatsoft.org/v65/i05/},
}
@Article{R-VGAM_f,
  title = {The {VGAM} package for negative binomial regression},
  author = {Thomas W. Yee},
  journal = {Australian and New Zealand Journal of Statistics},
  year = {2020},
  volume = {61},
}
@Manual{R-dplyr,
  title = {dplyr: A Grammar of Data Manipulation},
  author = {Hadley Wickham and Romain François and Lionel Henry and Kirill Müller},
  year = {2021},
  note = {R package version 1.0.7},
  url = {https://CRAN.R-project.org/package=dplyr},
}
@Manual{R-forcats,
  title = {forcats: Tools for Working with Categorical Variables (Factors)},
  author = {Hadley Wickham},
  year = {2021},
  note = {R package version 0.5.1},
  url = {https://CRAN.R-project.org/package=forcats},
}
@Manual{R-purrr,
  title = {purrr: Functional Programming Tools},
  author = {Lionel Henry and Hadley Wickham},
  year = {2020},
  note = {R package version 0.3.4},
  url = {https://CRAN.R-project.org/package=purrr},
}
@Manual{R-readr,
  title = {readr: Read Rectangular Text Data},
  author = {Hadley Wickham and Jim Hester},
  year = {2021},
  note = {R package version 2.0.2},
  url = {https://CRAN.R-project.org/package=readr},
}
@Manual{R-stringr,
  title = {stringr: Simple, Consistent Wrappers for Common String Operations},
  author = {Hadley Wickham},
  year = {2019},
  note = {R package version 1.4.0},
  url = {https://CRAN.R-project.org/package=stringr},
}
@Manual{R-tidyr,
  title = {tidyr: Tidy Messy Data},
  author = {Hadley Wickham},
  year = {2021},
  note = {R package version 1.1.4},
  url = {https://CRAN.R-project.org/package=tidyr},
}
@Article{R-tidyverse,
  title = {Welcome to the {tidyverse}},
  author = {Hadley Wickham and Mara Averick and Jennifer Bryan and Winston Chang and Lucy D'Agostino McGowan and Romain François and Garrett Grolemund and Alex Hayes and Lionel Henry and Jim Hester and Max Kuhn and Thomas Lin Pedersen and Evan Miller and Stephan Milton Bache and Kirill Müller and Jeroen Ooms and David Robinson and Dana Paige Seidel and Vitalie Spinu and Kohske Takahashi and Davis Vaughan and Claus Wilke and Kara Woo and Hiroaki Yutani},
  year = {2019},
  journal = {Journal of Open Source Software},
  volume = {4},
  number = {43},
  pages = {1686},
  doi = {10.21105/joss.01686},
}
